@book{FOSTER,
 author = {Foster, Ian},
 title = {Designing and Building Parallel Programs: Concepts and Tools for Parallel Software Engineering},
 year = {1995},
 isbn = {0201575949},
 publisher = {Pearson Addison-Wesley},
 note = {\url{https://www.mcs.anl.gov/~itf/dbpp/}}
}

@book{GRAMA,
 author = {Ananth Grama and Anshul Gupta and George Karypis and Vipin Kumar},
 title = {Introduction to Parallel Computing},
 year = {2002},
 isbn = {0201648652},
 edition = {2nd},
 publisher = {Pearson Addison-Wesley},
 note = {\url{http://parallelcomp.uw.hu/index.html}}
}

@book{Leighton1992,
 author = {Leighton, F. Thomson},
 title = {Introduction to Parallel Algorithms and Architectures: Array, Trees, Hypercubes},
 year = {1992},
 isbn = {1-55860-117-1},
 publisher = {Morgan Kaufmann Publishers Inc.},
 address = {San Francisco, CA, USA}
} 

@article{KE2007,
author={Efe, Kemal and Feng, Gui-Liang},
journal={International Journal of Computer, Electrical, Automation, Control and Information Engineering},
title={A Proof for Bisection Width of Grids},
year={2007},
volume={1},
number={3},
pages={597-602}
}